
@article{Legislativa,
    title={CONSTITUIÇÃO DO ESTADO DO RIO GRANDE DO NORTE},
    author={Assembleia Legislativa},
    year={2019},
    url={http://www.al.rn.leg.br/portal/_ups/legislacao/constituicaoestadual.pdf}
}

@article{lei_12527,
    title={Lei nº 12527},
    author={Subchefia para Assuntos Jurídicos},
    year={2011},
    url={http://www.planalto.gov.br/ccivil_03/_Ato2011-2014/2011/Lei/L12527.htm}
}

@article{dec_8777,
    title={decreto nº 8777},
    author={Subchefia para Assuntos Jurídicos},
    year={2016},
    url={http://www.planalto.gov.br/ccivil_03/_Ato2011-2014/2011/Lei/L12527.htm}
}

@article{5_motivos,
    title={5 Motivos para a Abertura de Dados na Administração Pública},
    author={Tribunal de Contas da União},
    year={2015},
    url={https://portal.tcu.gov.br/data/files/86/87/0C/3A/30B1F6107AD96FE6F18818A8/5_motivos_abertura_dados_administracao_publica.PDF}
}

@article{barreto_tribunais,
    title={Tribunais de contas: conceito, funções, competências, histórico, natureza jurídica e acórdão do TCU em anexo},
    author={Wagner da Silva Barreto},
    year={2016},
    url={https://ambitojuridico.com.br/cadernos/direito-constitucional/tribunais-de-contas-conceito-funcoes-competencias-historico-natureza-juridica-e-acordao-do-tcu-em-anexo/}
}

@inbook{ali2013smart,
    title={Smart Grid},
    author={Hossain, Md Rahat and Oo, Amanullah M. T. and Ali, A. B. M. Shawkat},
    address={London},
    booktitle={Smart grids: opportunities, developments, and trends},
    chapter={2},
    edition={1},
    pages={23-44},
    publisher={Springer},
    year={2013}
}

@techreport{cgee,
    title={{Redes elétricas inteligentes: contexto nacional}},
    year={2012},
    address={Brasília},
    pages={172},
    org-short={CGEE},
    organization={Centro de Gest{\~a}o e Estudos Estrat{\'e}gicos}
}

@article{alvaropfn,
    title={agora vai dar bom},
    author={portela, alvaro },
    journal={IEEE Industrial Electronics Magazine},
    volume={5},
    number={3},
    pages={49-63},
    year={2011},
    publisher={IEEE}
}